@BOOK{pierwszy,
author="Jan Kowalski",
title="Jego pierwsze dzieło",
year="1510",
pages="250"
}
@BOOK{drugi,
author="Ktoś Inny",
title="Jego kolejne dzieło",
year="1900",
pages="200"
}
@BOOK{trzeci,
author="John Smith",
title="His first book",
year="1200",
pages="25"
}
@BOOK{czwarty,
author="Janina Ostatnia",
title="Jej ostatnie dzieło",
year="2005",
pages="500"
}